@book{smith-vm-book,
	author = {Jim {Smith} and Ravi {Nair}},
	title = {Virtual Machines: Versatile Platforms for Systems and Processes},
	year = {2005},
	publisher = {Morgan Kaufmann Publishers},
	series = {The Morgan Kaufmann Series in Computer Architecture and Design}
}

@MISC{bochs-url,
  howpublished = {\url{http://bochs.sourceforge.net}}  
}

@MISC{udis86-url,
  howpublished = {\url{http://udis86.sourceforge.net}}  
}

@inproceedings{net-region,
  title={Software profiling for hot path prediction: Less is more},
  author={Evelyn {Duesterwald} and Vasanth {Bala}},
  booktitle={{ACM SIGOPS} Operating Systems Review},
  volume={34},
  number={5},
  pages={202--211},
  year={2000},
  organization={{ACM}}
}

@misc{mret2-region,
  title={Two-pass {MRET} trace selection for dynamic optimization},
  author={Cheng {Wang} and Bixia {Zheng} and {H.} {Kim} and Mauricio {Breternitz Jr} and Youfeng {Wu} and others},
  year={2010},
  note={US Patent 7,694,281}
}

@MastersThesis{thesis-zinsly,
 author = {Raphael Moreira {Zinsly}},
 title = {T\'{e}cnicas de forma\c{c}\~{a}o de regi\~{o}es para projetos de m\'{a}quinas virtuais eficientes},
 school = {Unicamp},
 year = {2013},
}
    
    
@article{intel-vol1,
title={Intel\textregistered\ 64 and {IA-32} Architectures Software Developerâ€™s Manual},
author={{Intel Corportation}},
volume={1},
year={2013}
}


@inproceedings{kim-2004,
author = {Kim {Hazelwood} and James E. {Smith}},
title = {Exploring Code Cache Eviction Granularities in Dynamic Optimization Systems},
booktitle = {Proceedings of the international symposium on Code generation and optimization: feedback-directed and runtime optimization},
series = {CGO '04},
year = {2004},
pages = {89--},
url = {http://dl.acm.org/citation.cfm?id=977395.977664},
publisher = {IEEE Computer Society}
}

@phdthesis{kim-2004-a,
 author = { Kim {Hazelwood}},
 title = {Code cache management in dynamic optimization systems},
 year = {2004},
 publisher = {Harvard University}
} 

@inproceedings{guido-2012,
 author = {Jo\textasciitilde{a}o {Porto} and Guido {Araujo} and Edson {Borin} and Youfeng {Wu}},
 title = {Trace execution automata in dynamic binary translation},
 booktitle = {Proceedings of the 2010 international conference on Computer Architecture},
 series = {ISCA'10},
 year = {2012},
 pages = {99--116},
 numpages = {18},
 publisher = {Springer-Verlag}
}

@inproceedings{hazelwood-2002,
  title={Code Cache Management Schemes for Dynamic Optimizers},
  author={Kim M {Hazelwood} and Michael D {Smith}},
  booktitle={Interaction between Compilers and Computer Architectures},
  pages={102--110},
  year={2002}
}

@MISC{sysmark-url,
  howpublished = {\url{http://bapco.com/products/sysmark-2012}}  
}

@MISC{spec-url,
  howpublished = {\url{http://www.spec.org}}
}

@MISC{milc-url,
  howpublished = {\url{http://www.spec.org/auto/cpu2006/Docs/433.milc.html}}
}

@MISC{bwaves-url,
  howpublished = {\url{http://www.spec.org/auto/cpu2006/Docs/410.bwaves.html}}
}

@MISC{bzip-url,
  howpublished = {\url{http://www.spec.org/auto/cpu2006/Docs/401.bzip2.html}}
}

@MISC{deal-url,
  howpublished = {\url{http://www.spec.org/auto/cpu2006/Docs/447.dealII.html}}
}

@article{program-phases,
  title={Time varying behavior of programs},
  author={Timothy {Sherwood} and Brad {Calder}},
  year={1999},
}
